<?xml version="1.0" encoding="utf-8"?>
<record xmlns="http://www.loc.gov/MARC21/slim" xmlns:xsi="http://www.w3.org/2001/XMLSchema-instance" xsi:schemaLocation="http://www.loc.gov/MARC21/slim http://www.loc.gov/standards/marcxml/schema/MARC21slim.xsd">
	<leader>     nam a22     Mi 4500</leader>
	<controlfield tag="001">132124</controlfield>
	<controlfield tag="003">NjP</controlfield>
	<controlfield tag="006">m        d        </controlfield>
	<controlfield tag="007">cr cn |||m|||a</controlfield>
	<controlfield tag="008">190821s1882    le      o     000 0 ara d</controlfield>
	<datafield ind1=" " ind2=" " tag="040">
		<subfield code="a">ZYU</subfield>
		<subfield code="b">ara</subfield>
		<subfield code="e">rda</subfield>
		<subfield code="c">ZYU</subfield>
	</datafield>
	<datafield ind1="1" ind2=" " tag="041">
		<subfield code="a">ara</subfield>
		<subfield code="h">fre</subfield>
	</datafield>
	<datafield ind1="1" ind2=" " tag="100">
		<subfield code="a">Bossuet, Jacques Bénigne,</subfield>
		<subfield code="d">1627-1704.</subfield>
	</datafield>
	<datafield ind1="1" ind2="0" tag="240">
		<subfield code="a">Discours sur l'histoire universelle.</subfield>
		<subfield code="l">Arabic</subfield>
	</datafield>
	<datafield ind1="1" ind2="0" tag="245">
		<subfield code="6">880-01</subfield>
		<subfield code="a">Khiṭāb fī al-taʼrīkh al-ʻāmm /</subfield>
		<subfield code="c">lil-Muṭrān Būsuwīt ; tarjamahu ilá al-ʻArabi̇yah Shākir Afandī ʻAwn wa-ʻAbd Allāh Afandī al-Bustānī.</subfield>
	</datafield>
	<datafield ind1=" " ind2=" " tag="260">
		<subfield code="6">880-02</subfield>
		<subfield code="a">Bayrūt :</subfield>
		<subfield code="b">al-Maṭbaʻah al-ʻUmūmīyah al-kāthūlīkīyah,</subfield>
		<subfield code="c">1882.</subfield>
	</datafield>
	<datafield ind1=" " ind2=" " tag="300">
		<subfield code="a">online resource (344 pages)</subfield>
	</datafield>
	<datafield ind1=" " ind2=" " tag="336">
		<subfield code="a">text</subfield>
		<subfield code="2">rdacontent</subfield>
	</datafield>
	<datafield ind1=" " ind2=" " tag="337">
		<subfield code="a">computer</subfield>
		<subfield code="2">rdamedia</subfield>
	</datafield>
	<datafield ind1=" " ind2=" " tag="338">
		<subfield code="a">online resource</subfield>
		<subfield code="2">rdacarrier</subfield>
	</datafield>
	<datafield ind1=" " ind2=" " tag="500">
		<subfield code="a">Part of the Arabic Collections Online (ACO) project, contributed by Princeton University Libraries.</subfield>
	</datafield>
	<datafield ind1=" " ind2=" " tag="533">
		<subfield code="a">Electronic reproduction.</subfield>
		<subfield code="b">New York, N.Y. :</subfield>
		<subfield code="c">New York University,</subfield>
		<subfield code="d">2019.</subfield>
		<subfield code="5">NNU</subfield>
	</datafield>
	<datafield ind1=" " ind2="0" tag="650">
		<subfield code="a">World history</subfield>
		<subfield code="v">Early works to 1800.</subfield>
	</datafield>
	<datafield ind1=" " ind2="7" tag="650">
		<subfield code="a">World history.</subfield>
		<subfield code="2">fast</subfield>
		<subfield code="0">(OCoLC)fst01181345</subfield>
	</datafield>
	<datafield ind1=" " ind2="7" tag="655">
		<subfield code="a">Early works.</subfield>
		<subfield code="2">fast</subfield>
		<subfield code="0">(OCoLC)fst01411636</subfield>
	</datafield>
	<datafield ind1="2" ind2=" " tag="710">
		<subfield code="a">Princeton University.</subfield>
		<subfield code="b">Library.</subfield>
	</datafield>
	<datafield ind1="0" ind2=" " tag="730">
		<subfield code="a">Arabic Collections Online.</subfield>
	</datafield>
	<datafield ind1="0" ind2="8" tag="776">
		<subfield code="i">Online version:</subfield>
		<subfield code="a">Bossuet, Jacques Bénigne, 1627-1704.</subfield>
		<subfield code="s">Discours sur l'histoire universelle. Arabic.</subfield>
		<subfield code="t">Khiṭāb fī al-taʼrīkh al-ʻāmm.</subfield>
		<subfield code="d">Bayrūt : al-Maṭbaʻah al-ʻUmūmīyah al-kāthūlīkīyah, 1882</subfield>
		<subfield code="w">(OCoLC)657146832</subfield>
	</datafield>
	<datafield ind1="0" ind2="8" tag="776">
		<subfield code="i">Print version:</subfield>
		<subfield code="a">Bossuet, Jacques Bénigne, 1627-1704.</subfield>
		<subfield code="t">Khiṭāb fī al-taʼrīkh al-ʻāmm</subfield>
		<subfield code="w">(NjP)132124</subfield>
		<subfield code="w">(OCoLC)122722594</subfield>
	</datafield>
	<datafield ind1="4" ind2="0" tag="856">
		<subfield code="u">http://hdl.handle.net/2333.1/4b8gtsc4</subfield>
	</datafield>
	<datafield ind1="1" ind2="0" tag="880">
		<subfield code="6">245-01</subfield>
		<subfield code="a">خطاب في التاريخ العام /</subfield>
		<subfield code="c">للمطران بوسويت ؛ ترجمه إلى العربية شاكر أفندي عون وعبد الله أفندي البستاني.</subfield>
	</datafield>
	<datafield ind1=" " ind2=" " tag="880">
		<subfield code="6">260-02</subfield>
		<subfield code="a">بيروت :</subfield>
		<subfield code="b">المطبعة العمومية الكاثوليكية،</subfield>
		<subfield code="c">1882.</subfield>
	</datafield>
	<datafield ind1=" " ind2=" " tag="959">
		<subfield code="a">NNU</subfield>
		<subfield code="b">WEB</subfield>
		<subfield code="c">GENI</subfield>
		<subfield code="t">0</subfield>
		<subfield code="m">Electronic access</subfield>
		<subfield code="s">01</subfield>
	</datafield>
	<datafield ind1=" " ind2=" " tag="999">
		<subfield code="i">NjP_132124</subfield>
		<subfield code="o">(OCoLC)ocn122722594</subfield>
		<subfield code="s">princeton_aco002433</subfield>
		<subfield code="e">(ERROR-880)(ERROR-MISC)</subfield>
		<subfield code="s">princeton_aco002433</subfield>
	</datafield>
</record>
